<?xml version="1.0" encoding="UTF-8"?><collection><record><leader>07166ntm a2200601 a 4500</leader><controlfield tag="001">006818625</controlfield><controlfield tag="003">MiAaHDL</controlfield><controlfield tag="005">20190719000000.0</controlfield><controlfield tag="006">m        d        </controlfield><controlfield tag="007">cr bn ---auaua</controlfield><controlfield tag="008">090615q17241725xx            00| ||ota d</controlfield><datafield tag="035" ind1=" " ind2=" "><subfield code="a">(MiU)006818625</subfield></datafield><datafield tag="035" ind1=" " ind2=" "><subfield code="a">sdr-miu006818625</subfield></datafield><datafield tag="040" ind1=" " ind2=" "><subfield code="a">MiU</subfield><subfield code="c">MiU</subfield><subfield code="e">amremm</subfield></datafield><datafield tag="041" ind1="0" ind2=" "><subfield code="a">ota</subfield><subfield code="a">per</subfield></datafield><datafield tag="043" ind1=" " ind2=" "><subfield code="a">n-us-mi</subfield><subfield code="a">ff-----</subfield><subfield code="a">aw-----</subfield><subfield code="a">e-sp---</subfield></datafield><datafield tag="100" ind1="0" ind2=" "><subfield code="6">880-01</subfield><subfield code="a">Nabi,</subfield><subfield code="d">1642-1712.</subfield></datafield><datafield tag="245" ind1="1" ind2="0"><subfield code="6">880-02</subfield><subfield code="a">Divan-ı şirin-i edâ-yi Nabi,</subfield><subfield code="f">[1137, i.e. 1724 or 1725].</subfield></datafield><datafield tag="246" ind1="3" ind2=" "><subfield code="6">880-04</subfield><subfield code="i">From inscription in pencil on front flyleaf:</subfield><subfield code="a">Dīvān-i Nābī</subfield></datafield><datafield tag="246" ind1="3" ind2=" "><subfield code="6">880-03</subfield><subfield code="a">Dīvān-i shīrīn-i ādā-yi Nābī</subfield></datafield><datafield tag="260" ind1=" " ind2=" "><subfield code="c">[1724 or 1725].</subfield></datafield><datafield tag="300" ind1=" " ind2=" "><subfield code="a">244 leaves :</subfield><subfield code="b">paper ;</subfield><subfield code="c">206 x 140 (155-165 x 85) mm. bound to 206 x 143 mm.</subfield></datafield><datafield tag="500" ind1=" " ind2=" "><subfield code="a">Shelfmark: Ann Arbor, University of Michigan, Special Collections Library, Isl. Ms. 679</subfield></datafield><datafield tag="500" ind1=" " ind2=" "><subfield code="a">Origin: As appears in colophon on fol.281b, copied by Nāʻil Ṣuḥufī [?]. Date transcription finished appears as a chronogram "غزلق" or 1137 [غ1000 + ز7 + ل30 + ق100 =1137, i.e. 1724 or 1725].</subfield></datafield><datafield tag="500" ind1=" " ind2=" "><subfield code="a">Accompanying materials: a. Inventory cataloguing slip in hand of Winifred Smeaton Thomas. -- b. Acquisitions slip from Yahuda.</subfield></datafield><datafield tag="500" ind1=" " ind2=" "><subfield code="a">Former shelfmark: From spine label and inscription on fol.1a (p.1), "IL 132 a1" (likely supplied by Yahuda, see acquisitions slip).</subfield></datafield><datafield tag="500" ind1=" " ind2=" "><subfield code="a">Binding: Pasteboards covered in light brown leather ; Type II binding (with flap) ; board linings and interior of envelope flap in pink tinted laid paper ; interior of foreedge flap in light brown leather ; upper and lower covers carry central blind-stamped scalloped mandorla (elongated) and pendants with vegetal pattern (compare Déroche class. OSd 8) accented with gold and red paint, bordered by fillet with strokes and dots at apices and sprandels of scallops in gold paint ; frame of striated s-shaped stamps painted gold and bordered by two gold fillets also in gold paint ; at corners and midpoints of frame, dots and strokes in gold paint ; foreedge flap decorated with fillets and heavy vegetal pattern (vine) in gold paint ; in fair condition with significant wear and pest damage but intact and still well-attached to text block.</subfield></datafield><datafield tag="500" ind1=" " ind2=" "><subfield code="a">Support: European laid paper, mainly with laid lines running vertically spaced roughly 11-12 laid lines per cm., single chain lines running horizontally spaced roughly 25-26 mm. apart, and watermark of three hats (tre cappeli) or caps (see p.38, 58, 230, 232, etc.), well-burnished, thin though quite sturdy; very few if any inclusions ; countermark of "V d" under trefoil appears in p.136.</subfield></datafield><datafield tag="500" ind1=" " ind2=" "><subfield code="a">Decoration: Illuminated headpiece (ʻunwān / sarlawḥ) on fol.1b consists of a scalloped semi-circular piece (dome) flanked by scalloped accents filled by a vegetal pattern in gold, blue, red, and black on fields of gold and blue ; dome and flanking pieces are outlined in a blue fillet and surmounted by vertical stalks (ṭīgh) in blue positioned at alternating spandrels ; entire piece is bordered by an elaborate frame consisting of a band of blue with minute cross or diamond shapes flanked by narrow gold bands outlined by fillets ; elaborate frames appear throughout, consisting of gold band (of at least three thicknesses) bordered by black fillets surround both the entire written area for each folio as well as the columns of text within ; text rubricated with titles, headings, etc. in red.</subfield></datafield><datafield tag="500" ind1=" " ind2=" "><subfield code="a">Script: Nastaʻlīq (talik) ; elegant Ottoman hand ; characteristically serifless with gentle effect of words descending to baseline, point of final and free-standing nūn set at mouth of tall, wide, angled bowl, occasionally nearly assimilated with it, hāʻ mudghamah looking like two inverted commas, pointing (for two and three dots) often in conjoined dots or strokes.</subfield></datafield><datafield tag="500" ind1=" " ind2=" "><subfield code="a">Layout: Written in 23 lines per page; written area consists of a broad single column most often divided into two columns and framed thusly, though this layout varies ; in certain sections a centered column of two hemistiches of verse alternates with verse laid in two columns, divided at each hemistich ; headings usually appear centered on the single column or across its width; frame-ruled.</subfield></datafield><datafield tag="500" ind1=" " ind2=" "><subfield code="a">Collation: i,12 V (120), IV (128), I (130), 6 V (190), IV+1 (199), 3 V (229), V+1 (240), 2 I (244), i ; chiefly quinions; leaves falling between the various sections of poetry left partially blank (though without missing text) and leaves following close of text intially left blank but now carry additional matter including lines of poetry, lines on Ebussuud Efendi, etc. ; catchwords present; pagination in pencil, Western numerals (supplied during cataloguing).</subfield></datafield><datafield tag="500" ind1=" " ind2=" "><subfield code="a">Colophon: "Scribal," rectangular, reads: "تمام شد ديوان نابى رحمه الله تعالى في تاريخ غزلق دست حقير نائل صحفى [؟] تم"</subfield></datafield><datafield tag="500" ind1=" " ind2=" "><subfield code="a">Explicit: "طاغيلرسه كور رآنى نكران جمع اولور ايه اولور آب روان"</subfield></datafield><datafield tag="500" ind1=" " ind2=" "><subfield code="a">Incipit: [rubric]" قصيده در توحيد باري جل شانه براى باعث ترتيب ديوان ابراهيم پاشا رح [text] تعالى الله زهى ديوانطراز صورت معنا كه جسم لفظله روح مآ لي ايلمش الما ..."</subfield></datafield><datafield tag="500" ind1=" " ind2=" "><subfield code="a">Title from inscription below headpiece on fol.1b.</subfield></datafield><datafield tag="500" ind1=" " ind2=" "><subfield code="a">Ms. codex.</subfield></datafield><datafield tag="510" ind1="4" ind2=" "><subfield code="a">Cat. Turk. MSS. Brit. Mus.,</subfield><subfield code="c">p.200-201</subfield></datafield><datafield tag="520" ind1="8" ind2=" "><subfield code="a">Collected poems (ghazalīyāt, qaṣāyid, rubāʻiyāt, etc.) of Nabi, followed by a few additional excerpts at close of codex.</subfield></datafield><datafield tag="538" ind1=" " ind2=" "><subfield code="a">Mode of access: Internet.</subfield></datafield><datafield tag="541" ind1=" " ind2=" "><subfield code="a">Acquired in 1926 from the bookseller Isaac Benjamin S.E. Yahuda via purchase transacted on his behalf by Abraham Shalom Yahuda (1877-1951), his younger brother.</subfield></datafield><datafield tag="546" ind1=" " ind2=" "><subfield code="a">Ottoman Turkish and Persian.</subfield></datafield><datafield tag="561" ind1=" " ind2=" "><subfield code="a">Oval seal impression in black ink repeated numerous times on fol.1a (p.1) but difficult to make out, accompanied by inscription which has been partially effaced and is now only partially legible "...ما باقى" followed by a number "٣١١٢۸٩"; inscription in black ink on fol.1a (p.1) accompanied by small oval seal impression in blue ink, difficult to make out); small oval seal impression in black ink on fol.1b (p.2), very difficult to make out; small oval seal impression in black ink on fol.88b (p.176), also difficult to make out; occasional marginal corrections and glosses.</subfield></datafield><datafield tag="650" ind1=" " ind2="0"><subfield code="a">Manuscripts, Turkish</subfield><subfield code="z">Michigan</subfield><subfield code="z">Ann Arbor.</subfield></datafield><datafield tag="650" ind1=" " ind2="0"><subfield code="a">Turkish poetry</subfield><subfield code="v">Early works to 1800.</subfield></datafield><datafield tag="655" ind1=" " ind2="7"><subfield code="a">Headpieces (layout features)</subfield><subfield code="z">Islamic empire</subfield><subfield code="y">18th century.</subfield><subfield code="2">aat</subfield></datafield><datafield tag="700" ind1="0" ind2=" "><subfield code="6">880-05</subfield><subfield code="a">Nāʻil Ṣuḥufī,</subfield><subfield code="d">flourished 1724,</subfield><subfield code="e">scribe.</subfield></datafield><datafield tag="773" ind1="0" ind2=" "><subfield code="a">Yahuda Collection.</subfield></datafield><datafield tag="880" ind1="0" ind2=" "><subfield code="6">700-05/</subfield><subfield code="a">نائل صحفى,</subfield><subfield code="e">ناسخ.</subfield></datafield><datafield tag="880" ind1="3" ind2=" "><subfield code="6">246-04/</subfield><subfield code="a">ديوان نابى</subfield></datafield><datafield tag="880" ind1="3" ind2=" "><subfield code="6">246-03/</subfield><subfield code="a">ديوان شيرين اداى نابى</subfield></datafield><datafield tag="880" ind1="1" ind2="0"><subfield code="6">245-02/</subfield><subfield code="a">ديوان شيرين اداى نابى,</subfield><subfield code="f">[1137ه، 1724 أو 1725م].</subfield></datafield><datafield tag="880" ind1="0" ind2=" "><subfield code="6">100-01/</subfield><subfield code="a">نابى.</subfield></datafield><datafield tag="CID" ind1=" " ind2=" "><subfield code="a">006818625</subfield></datafield><datafield tag="DAT" ind1="0" ind2=" "><subfield code="a">20190719102639.0</subfield><subfield code="b">20190719000000.0</subfield></datafield><datafield tag="DAT" ind1="1" ind2=" "><subfield code="a">20190719090653.0</subfield><subfield code="b">2019-07-19T16:10:54Z</subfield></datafield><datafield tag="DAT" ind1="2" ind2=" "><subfield code="a">2015-10-10T18:00:06Z</subfield></datafield><datafield tag="CAT" ind1=" " ind2=" "><subfield code="a">SDR-MIU</subfield><subfield code="d">EX LIBRIS - ALEPH</subfield><subfield code="l">prepare.pl-004-008</subfield></datafield><datafield tag="FMT" ind1=" " ind2=" "><subfield code="a">BK</subfield></datafield><datafield tag="HOL" ind1=" " ind2=" "><subfield code="0">sdr-miu006818625</subfield><subfield code="a">MiU</subfield><subfield code="b">SDR</subfield><subfield code="c">MIU</subfield><subfield code="p">mdp.39015079129956</subfield><subfield code="s">MIU</subfield><subfield code="1">006818625</subfield></datafield><datafield tag="974" ind1=" " ind2=" "><subfield code="b">MIU</subfield><subfield code="c">MIU</subfield><subfield code="d">20190719</subfield><subfield code="s">lit-dlps-dc</subfield><subfield code="u">mdp.39015079129956</subfield><subfield code="y">1725</subfield><subfield code="r">pd</subfield><subfield code="q">bib</subfield><subfield code="t">non-US bib date2 &lt; 1879</subfield></datafield></record></collection>